% Books

@book{tinkham2004introduction,
  title={Introduction to Superconductivity},
  author={Tinkham, M.},
  isbn={9780486134727},
  series={Dover Books on Physics Series},
  url={https://books.google.it/books?id=VpUk3NfwDIkC},
  year={2004},
  publisher={Dover Publications}
}

@book{grosso2000solid,
  title={Solid State Physics},
  author={Grosso, G. and Pastori Parravicini, G.},
  isbn={9780080481029},
  url={https://books.google.it/books?id=L5RrQbbvWn8C},
  year={2000},
  publisher={Elsevier Science}
}

@book{goodstein2014states,
  title={States of Matter},
  author={Goodstein, D. L.},
  isbn={9780486795515},
  series={Dover Books on Physics},
  url={https://books.google.it/books?id=OfEIBAAAQBAJ},
  year={2014},
  publisher={Dover Publications}
}

@book{huang2008statistical,
  title={Statistical Mechanics, 2nd Ed},
  author={Huang, K.},
  isbn={9788126518494},
  url={https://books.google.it/books?id=ZHl8HLk-K3AC},
  year={2008},
  publisher={Wiley India Pvt. Limited}
}

@book{altland2010condensed,
  title={Condensed Matter Field Theory},
  author={Altland, A. and Simons, B. D.},
  isbn={9780521769754},
  lccn={2010282464},
  series={Cambridge books online},
  url={https://books.google.it/books?id=GpF0Pgo8CqAC},
  year={2010},
  publisher={Cambridge University Press}
}

@book{giuliani2008quantum,
	title={Quantum Theory of the Electron Liquid},
	author={Giuliani, G. and Vignale, G.},
	isbn={9781139471589},
	url={https://books.google.it/books?id=FFydOyv_r78C},
	year={2008},
	publisher={Cambridge University Press}
}

% Articles

@article{london-superconductivity,
author = {London, F.  and London, H.  and Lindemann, Frederick Alexander},
title = {The electromagnetic equations of the supraconductor},
journal = {Proceedings of the Royal Society of London. Series A - Mathematical and Physical Sciences},
volume = {149},
number = {866},
pages = {71-88},
year = {1935},
doi = {10.1098/rspa.1935.0048},
URL = {https://royalsocietypublishing.org/doi/abs/10.1098/rspa.1935.0048}
}

@article{Abrikosov:1956sx,
	author = "Abrikosov, A. A.",
	title = "{On the Magnetic properties of superconductors of the second group}",
	journal = "Sov. Phys. JETP",
	volume = "5",
	pages = "1174--1182",
	year = "1957"
}

@article{PhysRevB.102.024506,
  title = {Interaction between moving Abrikosov vortices in type-II superconductors},
  author = {Kogan, V. G. and Prozorov, R.},
  journal = {Phys. Rev. B},
  volume = {102},
  issue = {2},
  pages = {024506},
  numpages = {6},
  year = {2020},
  month = {Jul},
  publisher = {American Physical Society},
  doi = {10.1103/PhysRevB.102.024506},
  url = {https://link.aps.org/doi/10.1103/PhysRevB.102.024506}
}

@article{Simmendinger_2020,
	doi = {10.1088/1367-2630/abd123},
	url = {https://dx.doi.org/10.1088/1367-2630/abd123},
	year = {2020},
	month = {dec},
	publisher = {IOP Publishing},
	volume = {22},
	number = {12},
	pages = {123035},
	author = {J Simmendinger and M Bihler and A M Ionescu and M Weigand and G Schütz and J Albrecht},
	title = {Bound and stable vortex–antivortex pairs in high-Tc superconductors},
	journal = {New Journal of Physics},
	abstract = {}
}

@article{PhysRev.108.1175,
	title = {Theory of Superconductivity},
	author = {Bardeen, J. and Cooper, L. N. and Schrieffer, J. R.},
	journal = {Phys. Rev.},
	volume = {108},
	issue = {5},
	pages = {1175--1204},
	numpages = {0},
	year = {1957},
	month = {Dec},
	publisher = {American Physical Society},
	doi = {10.1103/PhysRev.108.1175},
	url = {https://link.aps.org/doi/10.1103/PhysRev.108.1175}
}